@article{apphys,
    author = "Shannon Willoughby",
    title = "Chief Reader Report on Student Responses: 2018 AP Physics C: Electricity and Magnetism Free-Response Questions",
    journal = "College Board",    
    url = "https://secure-media.collegeboard.org/digitalServices/pdf/ap/ap18-chief-reader-report-physics-c-em.pdf",
    year = "2018"
}

@article{baltimore,
    author = "Mayor's Office",
    title = "Baltimore City Employee Salaries FY2019",
    journal = "Open Baltimore",    
    url = "https://data.baltimorecity.gov/City-Government/Baltimore-City-Employee-Salaries-FY2019/6xv6-e66h",
    year = "2019"
}

@misc{riesekeller2018,
	author = {Riese, Felix~M. and Keller, Sina},
	title = {Hyperspectral benchmark dataset on soil moisture},
	year = {2018},
	DOI = {10.5281/zenodo.1227837},
	publisher = {Zenodo},
    note = "\url{https://github.com/felixriese/hyperspectral-soilmoisture-dataset}"
}

@misc{sat,
    author = "College Board",
    title = "SAT Suite of Assessments Annual Report",
    year = {2019},
    note = "\url{https://reports.collegeboard.org/pdf/2019-total-group-sat-suite-assessments-annual-report.pdf}"
}